<?xml version="1.0" encoding="UTF-8"?><collection xmlns="http://www.loc.gov/MARC21/slim"><record><leader>00459nam--2200157-i-4500</leader><controlfield tag="001">000005065</controlfield><controlfield tag="002">20161230</controlfield><controlfield tag="005">20170209162942</controlfield><controlfield tag="008">060222s1000------------r-----000-0-eng-d</controlfield><datafield ind1=" " ind2=" " tag="100"><subfield code="a">Adda, Yves</subfield></datafield><datafield ind1=" " ind2=" " tag="245"><subfield code="a">Etude de la diffusion uranium-strontium au moyen d experiences effectuees en systeme heterogene</subfield></datafield><datafield ind1=" " ind2=" " tag="260"><subfield code="a">Saclay</subfield><subfield code="b">Centre D Etudes Nucleaires</subfield><subfield code="c">1960</subfield></datafield><datafield ind1=" " ind2=" " tag="300"><subfield code="a">3 p</subfield></datafield><datafield ind1=" " ind2=" " tag="490"><subfield code="a">Rapport Cea</subfield><subfield code="v">1473</subfield></datafield><datafield ind1=" " ind2=" " tag="852"><subfield code="a">13455</subfield></datafield><datafield ind1=" " ind2=" " tag="CAT"><subfield code="a">SYS</subfield><subfield code="c">20170209</subfield><subfield code="h">162942</subfield></datafield></record></collection>